<?xml version="1.0" encoding="UTF-8"?><collection xmlns="http://www.loc.gov/MARC21/slim"><record><leader>00423nam--2200145-i-4500</leader><controlfield tag="001">000029723</controlfield><controlfield tag="002">20161230</controlfield><controlfield tag="005">20161230201037</controlfield><controlfield tag="008">060222s1000------------r-----000-0-eng-d</controlfield><datafield ind1=" " ind2=" " tag="080"><subfield code="a">681.14.01</subfield></datafield><datafield ind1=" " ind2=" " tag="100"><subfield code="a">Kuo, Shan S</subfield></datafield><datafield ind1=" " ind2=" " tag="245"><subfield code="a">Numerical methods and computers</subfield></datafield><datafield ind1=" " ind2=" " tag="260"><subfield code="a">Reading, Mass., Addison-wesley, 1965. X+341p</subfield></datafield><datafield ind1=" " ind2=" " tag="490"><subfield code="a">The Addison-wesley Series In Computer Science And Information Processing</subfield></datafield><datafield ind1=" " ind2=" " tag="852"><subfield code="a">25027</subfield></datafield></record></collection>